@book{HoltEtAl2017,
  title = {Groups, Languages, and Automata},
  author = {Holt, Derek F. and Rees, Sarah and R{\"o}ver, Claas E.},
  year = {2017},
  series = {London {{Mathematical Society}} Student Texts},
  number = {88},
  publisher = {University Press},
  address = {Cambridge},
  isbn = {978-1-107-15235-9},
  langid = {english},
  lccn = {512.2 HOLT}
}
